<?xml version="1.0" encoding="UTF-8"?><record xmlns="http://www.loc.gov/MARC21/slim" xmlns:cinclude="http://apache.org/cocoon/include/1.0" xmlns:zs="http://www.loc.gov/zing/srw/">
  <leader>00502cz  a2200145n  4500</leader>
  <controlfield tag="001">n 2001044076</controlfield>
  <controlfield tag="003">DLC</controlfield>
  <controlfield tag="005">20010827171640.0</controlfield>
  <controlfield tag="008">010827n| acannaabn          |a aaa      </controlfield>
  <datafield tag="010" ind1=" " ind2=" ">
    <subfield code="a">n 2001044076</subfield>
  </datafield>
  <datafield tag="040" ind1=" " ind2=" ">
    <subfield code="a">DLC</subfield>
    <subfield code="b">eng</subfield>
    <subfield code="c">DLC</subfield>
  </datafield>
  <datafield tag="100" ind1="1" ind2=" ">
    <subfield code="a">Cáceres de Taleb, Oliva</subfield>
  </datafield>
  <datafield tag="400" ind1="1" ind2=" ">
    <subfield code="a">De Taleb, Oliva Cáceres</subfield>
  </datafield>
  <datafield tag="400" ind1="1" ind2=" ">
    <subfield code="a">Taleb, Oliva Cáceres de</subfield>
  </datafield>
  <datafield tag="670" ind1=" " ind2=" ">
    <subfield code="a">Cáceres de Taleb, Oliva. Mayoría de edad, 2000:</subfield>
    <subfield code="b">t.p. (Oliva Cáceres de Taleb) p. 4 of cover (Argentine author; imprisioned dissident, 1976-1982)</subfield>
  </datafield>
</record>